<?xml version="1.0" encoding="UTF-8"?><record xmlns="http://www.loc.gov/MARC21/slim" xmlns:cinclude="http://apache.org/cocoon/include/1.0" xmlns:zs="http://www.loc.gov/zing/srw/">
  <leader>01003cz  a2200229n  4500</leader>
  <controlfield tag="001">no2004088047</controlfield>
  <controlfield tag="003">DLC</controlfield>
  <controlfield tag="005">20130209075230.0</controlfield>
  <controlfield tag="008">040913n| azannaabn          |n aaa     c</controlfield>
  <datafield tag="010" ind1=" " ind2=" ">
    <subfield code="a">no2004088047</subfield>
  </datafield>
  <datafield tag="035" ind1=" " ind2=" ">
    <subfield code="a">(OCoLC)oca06442222</subfield>
  </datafield>
  <datafield tag="040" ind1=" " ind2=" ">
    <subfield code="a">InNd</subfield>
    <subfield code="b">eng</subfield>
    <subfield code="e">rda</subfield>
    <subfield code="c">InNd</subfield>
    <subfield code="d">MoSU</subfield>
  </datafield>
  <datafield tag="046" ind1=" " ind2=" ">
    <subfield code="f">1966</subfield>
  </datafield>
  <datafield tag="100" ind1="1" ind2=" ">
    <subfield code="a">Strötz, Jürgen</subfield>
  </datafield>
  <datafield tag="370" ind1=" " ind2=" ">
    <subfield code="e">Munich, Germany</subfield>
  </datafield>
  <datafield tag="372" ind1=" " ind2=" ">
    <subfield code="a">Theology</subfield>
  </datafield>
  <datafield tag="374" ind1=" " ind2=" ">
    <subfield code="a">Theologians</subfield>
    <subfield code="a">Religious educators</subfield>
    <subfield code="2">lcsh</subfield>
  </datafield>
  <datafield tag="375" ind1=" " ind2=" ">
    <subfield code="a">male</subfield>
  </datafield>
  <datafield tag="377" ind1=" " ind2=" ">
    <subfield code="a">ger</subfield>
  </datafield>
  <datafield tag="670" ind1=" " ind2=" ">
    <subfield code="a">Franz Leopold Freiherr von Leonrod (1827-1905), 2004:</subfield>
    <subfield code="b">t.p. (Jürgen Strötz)</subfield>
  </datafield>
  <datafield tag="670" ind1=" " ind2=" ">
    <subfield code="a">Der Fels der Kirche, c2003:</subfield>
    <subfield code="b">t.p. (Jürgen Strötz) p. 9 (submitted his dissertation to the Katholisch-Theologische Fakultät of Universität München in 2001) p. 12 (Jürgen Strötz, München)</subfield>
  </datafield>
  <datafield tag="670" ind1=" " ind2=" ">
    <subfield code="a">Deutsche Nationalbibliothek online catalog, viewed February 6, 2013</subfield>
    <subfield code="b">(authorized access point: Strötz, Jürgen; other information in authority record: theologian and teacher of Catholic religion; b. 1966)</subfield>
  </datafield>
</record>